@article{chen2021consistency,
  title={Consistency of empirical Bayes and kernel flow for hierarchical parameter estimation},
  author={Chen, Yifan and Owhadi, Houman and Stuart, Andrew},
  journal={Mathematics of Computation},
  volume={90},
  number={332},
  pages={2527--2578},
  year={2021}
}
